Automatically generated by Mendeley Desktop 1.11
Any changes to this file will be lost if it is regenerated by Mendeley.

BibTeX export options can be customized via Options -> BibTeX in Mendeley Desktop

@article{Varma2001a,
abstract = {The presence of infectious spondylodiskitis and its complications may present protean clinical and imaging findings. The frequent use of multi-imaging modalities has led to a greater sensitivity and specificity in the diagnosis of this ubiquitous disease.},
author = {Varma, R and Lander, P and Assaf, A},
doi = {10.1016/S0033-8389(05)70273-6},
issn = {0033-8389},
journal = {Radiologic Clinics of North America},
keywords = {Bacterial Infections,Diagnosis- Differential,Discitis,Epidural Abscess,Humans,Magnetic Resonance Imaging,Spine,Spondylitis,Suppuration},
mendeley-tags = {Bacterial Infections,Diagnosis- Differential,Discitis,Epidural Abscess,Humans,Magnetic Resonance Imaging,Spine,Spondylitis,Suppuration},
month = mar,
number = {2},
pages = {203--213},
title = {{Imaging of pyogenic infectious spondylodiskitis}},
url = {http://www.ncbi.nlm.nih.gov/pubmed/11316355 http://176.56.224.231/view/www.sciencedirect.com/science/article/pii/S0033838905702736},
volume = {39},
year = {2001}
}
